<record><leader>00000cas a2200000 i 4500</leader><controlfield tag="001">883395051</controlfield><controlfield tag="008">140711d19171918scudn ne      0   a0eng c</controlfield><datafield ind1=" " ind2=" " tag="010"><subfield code="a">  2014226285</subfield></datafield><datafield ind1=" " ind2=" " tag="040"><subfield code="a">SUC</subfield><subfield code="b">eng</subfield><subfield code="e">rda</subfield><subfield code="c">SUC</subfield><subfield code="d">SUC</subfield><subfield code="d">OCLCF</subfield><subfield code="d">SUC</subfield><subfield code="d">DLC</subfield></datafield><datafield ind1="0" ind2=" " tag="022"><subfield code="a">2471-0547</subfield><subfield code="2">1</subfield></datafield><datafield ind1=" " ind2=" " tag="042"><subfield code="a">pcc</subfield><subfield code="a">nsdp</subfield></datafield><datafield ind1=" " ind2=" " tag="043"><subfield code="a">n-us-sc</subfield></datafield><datafield ind1="0" ind2="0" tag="050"><subfield code="a">Newspaper</subfield></datafield><datafield ind1="1" ind2="0" tag="082"><subfield code="a">071</subfield><subfield code="2">23</subfield></datafield><datafield ind1="0" ind2=" " tag="130"><subfield code="a">Union times (Union, S.C. : Daily edition)</subfield></datafield><datafield ind1=" " ind2="4" tag="222"><subfield code="a">The Union times</subfield><subfield code="b">(Union, S.C. Daily edition. Print)</subfield></datafield><datafield ind1="1" ind2="4" tag="245"><subfield code="a">The Union times.</subfield></datafield><datafield ind1=" " ind2=" " tag="250"><subfield code="a">Daily edition.</subfield></datafield><datafield ind1=" " ind2="1" tag="264"><subfield code="a">Union, S.C. :</subfield><subfield code="b">Union Times Company</subfield></datafield><datafield ind1=" " ind2=" " tag="300"><subfield code="a">volumes</subfield></datafield><datafield ind1=" " ind2=" " tag="310"><subfield code="a">Daily (except Sunday)</subfield></datafield><datafield ind1=" " ind2=" " tag="336"><subfield code="a">text</subfield><subfield code="2">rdacontent</subfield></datafield><datafield ind1=" " ind2=" " tag="337"><subfield code="a">unmediated</subfield><subfield code="2">rdamedia</subfield></datafield><datafield ind1=" " ind2=" " tag="338"><subfield code="a">volume</subfield><subfield code="2">rdacarrier</subfield></datafield><datafield ind1="1" ind2=" " tag="362"><subfield code="a">Began in October 1917; ceased in 1918.</subfield></datafield><datafield ind1=" " ind2=" " tag="530"><subfield code="a">Archived issues are available in digital format from the Library of Congress Chronicling America online collection.</subfield></datafield><datafield ind1=" " ind2=" " tag="588"><subfield code="a">Description based on: Vol. I, No. 8 (Oct. 24, 1917); title from masthead.</subfield></datafield><datafield ind1=" " ind2=" " tag="588"><subfield code="a">Latest issue consulted: Vol. I, No. 111 (March 19, 1918).</subfield></datafield><datafield ind1=" " ind2="0" tag="651"><subfield code="a">Union (S.C.)</subfield><subfield code="v">Newspapers.</subfield></datafield><datafield ind1=" " ind2="0" tag="651"><subfield code="a">Union County (S.C.)</subfield><subfield code="v">Newspapers.</subfield></datafield><datafield ind1=" " ind2="7" tag="651"><subfield code="a">South Carolina</subfield><subfield code="z">Union.</subfield><subfield code="2">fast</subfield><subfield code="0">(OCoLC)fst01222528</subfield></datafield><datafield ind1=" " ind2="7" tag="651"><subfield code="a">South Carolina</subfield><subfield code="z">Union County.</subfield><subfield code="2">fast</subfield><subfield code="0">(OCoLC)fst01205005</subfield></datafield><datafield ind1=" " ind2="7" tag="655"><subfield code="a">Newspapers.</subfield><subfield code="2">fast</subfield><subfield code="0">(OCoLC)fst01423814</subfield></datafield><datafield ind1=" " ind2=" " tag="752"><subfield code="a">United States</subfield><subfield code="b">South Carolina</subfield><subfield code="c">Union</subfield><subfield code="d">Union.</subfield></datafield><datafield ind1="0" ind2="8" tag="775"><subfield code="i">Weekly edition:</subfield><subfield code="t">Union times (Union, S.C.)</subfield><subfield code="w">(DLC)sn 93067853</subfield><subfield code="w">(OCoLC)28467779</subfield></datafield><datafield ind1="0" ind2="8" tag="776"><subfield code="i">Online version:</subfield><subfield code="t">Union times (Union, S.C. : Daily edition)</subfield><subfield code="x">2471-0555</subfield><subfield code="w">(DLC)  2016271007</subfield><subfield code="w">(OCoLC)940821037</subfield></datafield><datafield ind1="0" ind2="0" tag="785"><subfield code="t">Union daily times</subfield><subfield code="w">(DLC)sn 86071063</subfield><subfield code="w">(OCoLC)13088988</subfield></datafield><datafield ind1="4" ind2="1" tag="856"><subfield code="u">http://chroniclingamerica.loc.gov/lccn/2014226285/issues/</subfield></datafield></record>